
@article{crawdad,
  title={Crawdad: A community resource for archiving wireless data at dartmouth},
  author={Kotz, David and Henderson, Tristan},
  journal={Pervasive Computing, IEEE},
  volume={4},
  number={4},
  pages={12--14},
  year={2005},
  publisher={IEEE}
}

@article{physionet,
  title={Physiobank, physiotoolkit, and physionet components of a new research resource for complex physiologic signals},
  author={Goldberger, Ary L and Amaral, Luis AN and Glass, Leon and Hausdorff, Jeffrey M and Ivanov, Plamen Ch and Mark, Roger G and Mietus, Joseph E and Moody, George B and Peng, Chung-Kang and Stanley, H Eugene},
  journal={Circulation},
  volume={101},
  number={23},
  pages={e215--e220},
  year={2000},
  publisher={Am Heart Assoc}
}